@article{vmaLock2022,
  author = {Jonathan Corbet},
  title = {Concurrent page-fault handling with per-VMA locks},
  journal = {LWN.net},
  year = {2022},
  url = {https://lwn.net/Articles/906852/},
  note = {Accessed: 2024-04-21},
}

@article{mmapLock2022,
  author = {Jonathan Corbet},
  title = {The ongoing search for mmap\_lock scalability},
  journal = {LWN.net},
  year = {2022},
  url = {https://lwn.net/Articles/893906/},
  note = {Accessed: 2024-04-21},
}

@article{mmapSem2017,
  author = {Laurent Dufour},
  title = {Replace mmap\_sem by a range lock },
  journal = {LWN.net},
  year = {2017},
  url = {https://lwn.net/Articles/723648/},
  note = {Accessed: 2024-04-21},
}

@article{readerWriterLocks2017,
  author = {Jonathan Corbet},
  title = {Range reader/writer locks for the kernel},
  journal = {LWN.net},
  year = {2022},
  url = {https://lwn.net/Articles/724502/},
  note = {Accessed: 2024-04-21},
}

@article{mapleTree2021,
  author = {Marta Rybczynska},
  title = {Introducing maple trees},
  journal = {LWN.net},
  year = {2022},
  url = {https://lwn.net/Articles/845507/},
  note = {Accessed: 2024-04-21},
}

@article{mmstruct2023,
  author = {Shlomi Boutnaru},
  title = {Introducing maple trees},
  journal = {medium.com/},
  year = {2023},
  url = {Linux Kernel â€” mm_struct},
  note = {Accessed: 2024-04-21},
}

@paper{scalableRangeLock2020,
  author = {Alex Kogan Dave Dice and Shady Issa},
  title = {Scalable range locks for scalable address spaces and beyond.},
  journal = {https://arxiv.org/},
  year = {2020},
  url = {https://arxiv.org/pdf/2006.12144.pdf},
  note = {Accessed: 2024-04-21},
}
